@misc{11.9.4Projections,
    title = {{11.9.4 Sea Level Rise - AR4 WGI Chapter 11: Regional Climate Projections}},
    url = {https://archive.ipcc.ch/publications_and_data/ar4/wg1/en/ch11s11-9-4.html}
}

@article{Muis2016ALevels,
    title = {{A global reanalysis of storm surges and extreme sea levels}},
    year = {2016},
    journal = {Nature Communications},
    author = {Muis, Sanne and Verlaan, Martin and Winsemius, Hessel C. and Aerts, Jeroen C.J.H. and Ward, Philip J.},
    month = {6},
    volume = {7},
    publisher = {Nature Publishing Group},
    doi = {10.1038/ncomms11969},
    issn = {20411723}
}

@article{Muis2020AProjections,
    title = {{A High-Resolution Global Dataset of Extreme Sea Levels, Tides, and Storm Surges, Including Future Projections}},
    year = {2020},
    journal = {Frontiers in Marine Science},
    author = {Muis, Sanne and Apecechea, Maialen Irazoqui and Dullaart, Job and de Lima Rego, Joao and Madsen, Kristine Skovgaard and Su, Jian and Yan, Kun and Verlaan, Martin},
    month = {4},
    pages = {263},
    volume = {0},
    publisher = {Frontiers},
    doi = {10.3389/FMARS.2020.00263},
    issn = {2296-7745},
    keywords = {Climate Change, Extreme sea levels, SEA-LEVEL RISE, coastal flooding, global model}
}

@article{Erlandsen2020AChange,
    title = {{A Hybrid Downscaling Approach for Future Temperature and Precipitation Change}},
    year = {2020},
    journal = {Journal of Applied Meteorology and Climatology},
    author = {Erlandsen, Helene Birkelund and Parding, Kajsa M. and Benestad, Rasmus and Mezghani, Abdelkader and Pontoppidan, Marie},
    number = {11},
    month = {11},
    pages = {1793--1807},
    volume = {59},
    publisher = {American Meteorological Society},
    url = {https://journals.ametsoc.org/view/journals/apme/59/11/JAMC-D-20-0013.1.xml},
    doi = {10.1175/JAMC-D-20-0013.1},
    issn = {1558-8424},
    keywords = {Climate prediction, Climate services, Cloud resolving models, General circulation models, Principal components analysis}
}

@article{Emanuel2006AAssessment,
    title = {{A statistical deterministic approach to hurricane risk assessment}},
    year = {2006},
    journal = {Bulletin of the American Meteorological Society},
    author = {Emanuel, Kerry and Ravela, Sai and Vivant, Emmanuel and Risi, Camille},
    number = {3},
    month = {3},
    pages = {299--314},
    volume = {87},
    doi = {10.1175/BAMS-87-3-299}
}

@article{Rotunno1987AnNumerical,
    title = {{An Air–Sea Interaction Theory for Tropical Cyclones. Part II: Evolutionary Study Using a Nonhydrostatic Axisymmetric Numerical}},
    year = {1987},
    journal = {Journal of Atmospheric Sciences},
    author = {Rotunno, Richard and Emanuel, Kerry A},
    number = {3},
    month = {2},
    pages = {542--561},
    volume = {44},
    url = {https://journals.ametsoc.org/view/journals/atsc/44/3/1520-0469_1987_044_0542_aaitft_2_0_co_2.xml},
    doi = {10.1175/1520-0469(1987)044<0542:AAITFT>2.0.CO;2}
}

@article{Neelin2010ClimateModeling,
    title = {{Climate Change and Climate Modeling}},
    year = {2010},
    journal = {Climate Change and Climate Modeling},
    author = {Neelin, J. David},
    publisher = {Cambridge University Press},
    doi = {10.1017/CBO9780511780363}
}

@article{Marsooli2019ClimatePatterns,
    title = {{Climate change exacerbates hurricane flood hazards along US Atlantic and Gulf Coasts in spatially varying patterns}},
    year = {2019},
    journal = {Nature Communications 2019 10:1},
    author = {Marsooli, Reza and Lin, Ning and Emanuel, Kerry and Feng, Kairui},
    number = {1},
    month = {8},
    pages = {1--9},
    volume = {10},
    publisher = {Nature Publishing Group},
    url = {https://www.nature.com/articles/s41467-019-11755-z},
    doi = {10.1038/s41467-019-11755-z},
    issn = {2041-1723},
    keywords = {Atmospheric dynamics, Climate and Earth system modelling, Natural hazards, Physical oceanography}
}

@misc{CO-OPSCurrents,
    title = {{CO-OPS Map - NOAA Tides {\&} Currents}},
    url = {https://tidesandcurrents.noaa.gov/map/index.html?region=Florida}
}

@article{Tadesse2020Data-DrivenSurges,
    title = {{Data-Driven Modeling of Global Storm Surges}},
    year = {2020},
    journal = {Frontiers in Marine Science},
    author = {Tadesse, M. and Wahl, T. and Cid, A.},
    month = {4},
    pages = {260},
    volume = {0},
    publisher = {Frontiers},
    doi = {10.3389/FMARS.2020.00260},
    issn = {2296-7745},
    keywords = {Atmospheric reanalyses, Data-driven Modeling, ERA-Interim, Global Tide and Surge Reanalysis (GTSR), Remote-sensing, machine learning, random forest, storm surge}
}

@article{Tadesse2020Data-DrivenSurgesb,
    title = {{Data-Driven Modeling of Global Storm Surges}},
    year = {2020},
    journal = {Frontiers in Marine Science},
    author = {Tadesse, M. and Wahl, T. and Cid, A.},
    month = {4},
    volume = {7},
    publisher = {Frontiers Media S.A.},
    doi = {10.3389/fmars.2020.00260},
    issn = {22967745},
    keywords = {ERA-Interim, Global Tide and Surge Reanalysis, Random Forest, atmospheric reanalysis, data-driven modeling, machine learning, remote-sensing, storm surge}
}

@article{Hoarau2017DidPressure,
    title = {{Did Typhoon Haiyan have a new record-minimum pressure?}},
    year = {2017},
    journal = {Weather},
    author = {Hoarau, Karl and Lander, Mark and Guzman, Rosalina De and Guard, Chip and Barba, Rose},
    number = {10},
    month = {10},
    pages = {291--295},
    volume = {72},
    publisher = {John Wiley {\&} Sons, Ltd},
    url = {https://rmets.onlinelibrary.wiley.com/doi/full/10.1002/wea.3045 https://rmets.onlinelibrary.wiley.com/doi/abs/10.1002/wea.3045 https://rmets.onlinelibrary.wiley.com/doi/10.1002/wea.3045},
    doi = {10.1002/WEA.3045},
    issn = {1477-8696}
}

@article{Fagundes2020DownscalingEnvironments,
    title = {{Downscaling global ocean climate models improves estimates of exposure regimes in coastal environments}},
    year = {2020},
    journal = {Scientific Reports 2020 10:1},
    author = {Fagundes, Matheus and Litvin, S. Y. and Micheli, F. and Leo, G. De and Boch, C. A. and Barry, J. P. and Omidvar, S. and Woodson, C. B.},
    number = {1},
    month = {8},
    pages = {1--11},
    volume = {10},
    publisher = {Nature Publishing Group},
    url = {https://www.nature.com/articles/s41598-020-71169-6},
    doi = {10.1038/s41598-020-71169-6},
    issn = {2045-2322},
    keywords = {Climate, change ecology, change impacts}
}

@article{Huang2014DownscalingApproach,
    title = {{Downscaling near-surface wind over complex terrain using a physically-based statistical modeling approach}},
    year = {2014},
    journal = {Climate Dynamics 2014 44:1},
    author = {Huang, Hsin-Yuan and Capps, Scott B. and Huang, Shao-Ching and Hall, Alex},
    number = {1},
    month = {4},
    pages = {529--542},
    volume = {44},
    publisher = {Springer},
    url = {https://link.springer.com/article/10.1007/s00382-014-2137-1},
    doi = {10.1007/S00382-014-2137-1},
    issn = {1432-0894},
    keywords = {Climatology, Geophysics/Geodesy, Oceanography}
}

@article{Barnard2019DynamicChange,
    title = {{Dynamic flood modeling essential to assess the coastal impacts of climate change}},
    year = {2019},
    journal = {Scientific Reports 2019 9:1},
    author = {Barnard, Patrick L. and Erikson, Li H. and Foxgrover, Amy C. and Hart, Juliette A. Finzi and Limber, Patrick and O’Neill, Andrea C. and Ormondt, Maarten van and Vitousek, Sean and Wood, Nathan and Hayden, Maya K. and Jones, Jeanne M.},
    number = {1},
    month = {3},
    pages = {1--13},
    volume = {9},
    publisher = {Nature Publishing Group},
    url = {https://www.nature.com/articles/s41598-019-40742-z},
    doi = {10.1038/s41598-019-40742-z},
    issn = {2045-2322},
    keywords = {Climate, Natural hazards, Ocean sciences, Physical oceanography, change impacts}
}

@article{Troselj2021DynamicalJapan,
    title = {{Dynamical Downscaling of Coastal Dynamics for Two Extreme Storm Surge Events in Japan}},
    year = {2021},
    journal = {Frontiers in Marine Science},
    author = {Tro{\v{s}}elj, Joško and Ninomiya, Junichi and Takewaka, Satoshi and Mori, Nobuhito},
    month = {1},
    pages = {1177},
    volume = {0},
    publisher = {Frontiers},
    doi = {10.3389/FMARS.2020.566277},
    issn = {2296-7745},
    keywords = {3 Domain nesting, COAWST, Climate Change, Dynamical downscaling, Extreme storm surges, Hindcasts, Ocean model application}
}

@article{Troselj2021DynamicalJapanb,
    title = {{Dynamical Downscaling of Coastal Dynamics for Two Extreme Storm Surge Events in Japan}},
    year = {2021},
    journal = {Frontiers in Marine Science},
    author = {Tro{\v{s}}elj, Joško and Ninomiya, Junichi and Takewaka, Satoshi and Mori, Nobuhito},
    month = {1},
    pages = {1177},
    volume = {0},
    publisher = {Frontiers},
    doi = {10.3389/FMARS.2020.566277},
    issn = {2296-7745},
    keywords = {3 Domain nesting, COAWST, Climate Change, Dynamical downscaling, Extreme storm surges, Hindcasts, Ocean model application}
}

@article{Ekman1905,
    title = {{Ekman1905}}
}

@article{Parker2019Emulation3,
    title = {{Emulation as an Approach for Rapid Estuarine Modeling 2 3}},
    year = {2019},
    author = {Parker, Kai and Ruggiero, Peter and Serafin, Katherine A and Hill, David F},
    keywords = {ADCIRC+SWAN, Emulation, Estuary, Gaussian Process Regression, Probabilistic 36 Modeling, Water Levels 37}
}

@article{BeuclerEnforcingSystems,
    title = {{Enforcing Analytic Constraints in Neural-Networks Emulating Physical Systems}},
    author = {Beucler, Tom and Pritchard, Michael and Rasp, Stephan and Ott, Jordan and Baldi, Pierre and Gentine, Pierre},
    url = {https://github.com/raspstephan/CBRAIN-CAM},
    arxivId = {1909.00912v5}
}

@article{Tang2004ENSOWarming,
    title = {{ENSO Influence on Atlantic hurricanes via tropospheric warming}},
    year = {2004},
    journal = {Geophysical Research Letters},
    author = {Tang, B. H. and Neelin, J. D.},
    number = {24},
    month = {12},
    pages = {1--4},
    volume = {31},
    publisher = {John Wiley {\&} Sons, Ltd},
    url = {https://agupubs.onlinelibrary.wiley.com/doi/full/10.1029/2004GL021072 https://agupubs.onlinelibrary.wiley.com/doi/abs/10.1029/2004GL021072 https://agupubs.onlinelibrary.wiley.com/doi/10.1029/2004GL021072},
    doi = {10.1029/2004GL021072},
    issn = {1944-8007},
    keywords = {3309 Meteorology and atmospheric dynamics: Climatology (1620), 3314 Meteorology and atmospheric dynamics: Convective processes, 3339 Meteorology and dynamics: Ocean/atmosphere interactions (0312, 4504), 3374 Meteorology and atmospheric dynamics: Tropical meteorology}
}

@misc{ENSOLibrary,
    title = {{ENSO Influence on Atlantic hurricanes via tropospheric warming - Tang - 2004 - Geophysical Research Letters - Wiley Online Library}},
    url = {https://agupubs.onlinelibrary.wiley.com/doi/pdf/10.1029/2004GL021072}
}

@misc{EnvironmentalInstitute,
    title = {{Environmental monitoring: blending satellite and surface data | The Alan Turing Institute}},
    url = {https://www.turing.ac.uk/research/research-projects/environmental-monitoring-blending-satellite-and-surface-data}
}

@article{Dieterich2019ExtremeSensitivity,
    title = {{Extreme sea levels in the Baltic Sea under climate change scenarios - Part 1: Model validation and sensitivity}},
    year = {2019},
    journal = {Ocean Science},
    author = {Dieterich, Christian and Gr{\"{o}}ger, Matthias and Arneborg, Lars and Andersson, Helén C.},
    number = {6},
    month = {11},
    pages = {1399--1418},
    volume = {15},
    publisher = {Copernicus GmbH},
    doi = {10.5194/OS-15-1399-2019}
}

@article{Rappaport2014FatalitiesInterpretation,
    title = {{Fatalities in the United States from Atlantic Tropical Cyclones: New Data and Interpretation}},
    year = {2014},
    journal = {Bulletin of the American Meteorological Society},
    author = {Rappaport, Edward N.},
    number = {3},
    month = {3},
    pages = {341--346},
    volume = {95},
    publisher = {American Meteorological Society},
    url = {https://journals.ametsoc.org/view/journals/bams/95/3/bams-d-12-00074.1.xml},
    doi = {10.1175/BAMS-D-12-00074.1},
    issn = {0003-0007}
}

@misc{Fmars-07-00260-g005.jpg57858097,
    title = {{fmars-07-00260-g005.jpg (5785×8097)}},
    url = {https://www.frontiersin.org/files/Articles/512653/fmars-07-00260-HTML/image_m/fmars-07-00260-g005.jpg}
}

@article{Lin2015GreyCyclones,
    title = {{Grey swan tropical cyclones}},
    year = {2015},
    journal = {Nature Climate Change 2015 6:1},
    author = {Lin, Ning and Emanuel, Kerry},
    number = {1},
    month = {8},
    pages = {106--111},
    volume = {6},
    publisher = {Nature Publishing Group},
    url = {https://www.nature.com/articles/nclimate2777},
    doi = {10.1038/nclimate2777},
    issn = {1758-6798},
    keywords = {Atmospheric dynamics, Climate, Physical oceanography, change impacts}
}

@article{Bouwer2011HowNordhaus,
    title = {{How Sensitive are Us Hurricane Damages to Climate? Comment on a Paper by W. D. Nordhaus}},
    year = {2011},
    journal = {Climate Change Economics},
    author = {Bouwer, Laurens M. and Wouter Botzen, W. J.},
    number = {1},
    month = {2},
    pages = {1--7},
    volume = {2},
    publisher = {World Scientific Publishing Co. Pte Ltd},
    doi = {10.1142/S2010007811000188},
    keywords = {Climate change, USA, damage, hurricanes, risk, uncertainty}
}

@article{Nishant2021HowCoupled,
    title = {{How Strongly Are Mean and Extreme Precipitation Coupled?}},
    year = {2021},
    journal = {Geophysical Research Letters},
    author = {Nishant, Nidhi and Sherwood, Steven C.},
    number = {10},
    month = {5},
    volume = {48},
    publisher = {Blackwell Publishing Ltd},
    doi = {10.1029/2020GL092075},
    keywords = {extreme precipitation, future projections, mean precipitation, regional climate modeling}
}

@article{Akbar2013HybridModeling,
    title = {{Hybrid numerical methods to solve shallow water equations for hurricane induced storm surge modeling}},
    year = {2013},
    journal = {Environmental Modelling {\&} Software},
    author = {Akbar, Muhammad and Aliabadi, Shahrouz},
    month = {8},
    pages = {118--128},
    volume = {46},
    publisher = {Elsevier},
    doi = {10.1016/J.ENVSOFT.2013.03.003},
    issn = {1364-8152},
    keywords = {Finite element, Finite volume, Implicit matrix-free solver, Levee overtopping, Shallow water equation, Storm surge}
}

@article{Khairoutdinov2018IntraseasonalModel,
    title = {{Intraseasonal Variability in a Cloud-Permitting Near-Global Equatorial Aquaplanet Model}},
    year = {2018},
    journal = {Journal of the Atmospheric Sciences},
    author = {Khairoutdinov, Marat F. and Emanuel, Kerry},
    number = {12},
    month = {12},
    pages = {4337--4355},
    volume = {75},
    publisher = {American Meteorological Society},
    url = {https://journals.ametsoc.org/view/journals/atsc/75/12/jas-d-18-0152.1.xml},
    doi = {10.1175/JAS-D-18-0152.1},
    issn = {0022-4928},
    keywords = {Cloud resolving models, Convection, Intraseasonal variability, Madden-Julian oscillation}
}

@article{Ma2020MultifidelitySurge,
    title = {{Multifidelity Computer Model Emulation with High-Dimensional Output: An Application to Storm Surge}},
    year = {2020},
    author = {Ma, Pulong and Karagiannis, Georgios and Konomi, Bledar A and Asher, Taylor G and Toro, Gabriel R},
    arxivId = {1909.01836v6},
    keywords = {Autoregressive cokriging, High-dimensional output, Multifidelity computer model, Storm surge, Uncertainty quantification}
}

@article{Arns2020Non-linearImpacts,
    title = {{Non-linear interaction modulates global extreme sea levels, coastal flood exposure, and impacts}},
    year = {2020},
    journal = {Nature Communications},
    author = {Arns, Arne and Wahl, Thomas and Wolff, Claudia and Vafeidis, Athanasios T. and Haigh, Ivan D. and Woodworth, Philip and Nieh{\"{u}}ser, Sebastian and Jensen, Jürgen},
    number = {1},
    month = {12},
    volume = {11},
    publisher = {Nature Research},
    doi = {10.1038/s41467-020-15752-5},
    issn = {20411723},
    pmid = {32317633}
}

@article{Marsooli2018NumericalCoasts,
    title = {{Numerical Modeling of Historical Storm Tides and Waves and Their Interactions Along the U.S. East and Gulf Coasts}},
    year = {2018},
    journal = {Journal of Geophysical Research: Oceans},
    author = {Marsooli, Reza and Lin, Ning},
    number = {5},
    month = {5},
    pages = {3844--3874},
    volume = {123},
    publisher = {John Wiley {\&} Sons, Ltd},
    url = {https://agupubs.onlinelibrary.wiley.com/doi/full/10.1029/2017JC013434 https://agupubs.onlinelibrary.wiley.com/doi/abs/10.1029/2017JC013434 https://agupubs.onlinelibrary.wiley.com/doi/10.1029/2017JC013434},
    doi = {10.1029/2017JC013434},
    issn = {2169-9291},
    keywords = {extreme sea levels, historical tropical cyclones, storm surge, storm tide and wave, surge interaction, tide, wave setup}
}

@misc{OceanECMWF,
    title = {{Ocean Reanalysis/analysis | ECMWF}},
    url = {https://www.ecmwf.int/en/research/climate-reanalysis/ocean-reanalysis}
}

@article{Chavas2017PhysicalRelationship,
    title = {{Physical understanding of the tropical cyclone wind-pressure relationship}},
    year = {2017},
    journal = {Nature Communications 2017 8:1},
    author = {Chavas, Daniel R. and Reed, Kevin A. and Knaff, John A.},
    number = {1},
    month = {11},
    pages = {1--11},
    volume = {8},
    publisher = {Nature Publishing Group},
    url = {https://www.nature.com/articles/s41467-017-01546-9},
    doi = {10.1038/s41467-017-01546-9},
    issn = {2041-1723},
    keywords = {Atmospheric dynamics, Natural hazards}
}

@article{Camps-Valls2017Physics-AwareObservation,
    title = {{Physics-Aware Gaussian Processes for Earth Observation}},
    year = {2017},
    journal = {Lecture Notes in Computer Science (including subseries Lecture Notes in Artificial Intelligence and Lecture Notes in Bioinformatics)},
    author = {Camps-Valls, Gustau and Svendsen, Daniel H. and Martino, Luca and Mu{\~{n}}oz-Mar{\'{i}}, Jordi and Laparra, Valero and Campos-Taberner, Manuel and Luengo, David},
    pages = {205--217},
    volume = {10270 LNCS},
    publisher = {Springer, Cham},
    url = {https://link.springer.com/chapter/10.1007/978-3-319-59129-2_18},
    doi = {10.1007/978-3-319-59129-2{\_}18},
    keywords = {Earth observation, Gaussian processes, Geosciences, Inverse modeling, Kernel methods, Remote sensing, Transfer models, Vegetation}
}

@article{Mayo2019PredictingResilience,
    title = {{Predicting the 100-Year Flood to Improve Hurricane Storm Surge Resilience}},
    year = {2019},
    author = {Mayo, Talea L},
    url = {https://doi.org/10.1090/noti1787},
    doi = {10.1090/noti1787}
}

@article{Kopp2014ProbabilisticSites,
    title = {{Probabilistic 21st and 22nd century sea-level projections at a global network of tide-gauge sites}},
    year = {2014},
    journal = {Earth’s Future},
    author = {Kopp, RE},
    number = {8},
    month = {8},
    pages = {383--406},
    volume = {2},
    publisher = {American Geophysical Union (AGU)},
    doi = {10.1002/2014ef000239}
}

@article{Rahmstorf2017RisingFlooding,
    title = {{Rising hazard of storm-surge flooding}},
    year = {2017},
    journal = {Proceedings of the National Academy of Sciences},
    author = {Rahmstorf, Stefan},
    number = {45},
    month = {11},
    pages = {11806--11808},
    volume = {114},
    publisher = {National Academy of Sciences},
    url = {https://www.pnas.org/content/114/45/11806 https://www.pnas.org/content/114/45/11806.abstract},
    doi = {10.1073/PNAS.1715895114},
    issn = {0027-8424},
    pmid = {29078412}
}

@article{Liu2018RiskSensing,
    title = {{Risk assessment of storm surge disaster based on numerical models and remote sensing}},
    year = {2018},
    journal = {International Journal of Applied Earth Observation and Geoinformation},
    author = {Liu, Qingrong and Ruan, Chengqing and Zhong, Shan and Li, Jian and Yin, Zhonghui and Lian, Xihu},
    month = {6},
    pages = {20--30},
    volume = {68},
    publisher = {Elsevier B.V.},
    doi = {10.1016/j.jag.2018.01.016},
    issn = {1872826X},
    keywords = {GIS, Numerical simulation, Remote sensing, Risk assessment, Storm surge disaster}
}

@incollection{Vallis2017ShallowSystems,
    title = {{Shallow Water Systems}},
    year = {2017},
    booktitle = {Atmospheric and Oceanic Fluid Dynamics},
    author = {Vallis, Geoffrey K. and Vallis, Geoffrey K.},
    month = {5},
    pages = {105--142},
    publisher = {Cambridge University Press},
    doi = {10.1017/9781107588417.004}
}

@article{Deb2018SimulationADCIRC,
    title = {{Simulation of cyclone-induced storm surges in the low-lying delta of Bangladesh using coupled hydrodynamic and wave model (SWAN + ADCIRC)}},
    year = {2018},
    journal = {Journal of Flood Risk Management},
    author = {Deb, M. and Ferreira, C. M.},
    month = {2},
    pages = {S750-S765},
    volume = {11},
    publisher = {Blackwell Publishing Inc.},
    doi = {10.1111/JFR3.12254},
    keywords = {Bangladesh, SWAN + ADCIRC, coastal flooding, cyclone, storm surge}
}

@article{Sithara2021StatisticalApproaches,
    title = {{Statistical Downscaling of Sea Level by Support Vector Machine and Regression Tree Approaches}},
    year = {2021},
    author = {Sithara, S. and Pramada, S. K. and Thampi, Santosh G.},
    pages = {183--192},
    publisher = {Springer, Cham},
    url = {https://link.springer.com/chapter/10.1007/978-3-030-64202-0_17},
    doi = {10.1007/978-3-030-64202-0{\_}17}
}

@inproceedings{VonStorch2014StormChange,
    title = {{Storm surges: Phenomena, forecasting and scenarios of change}},
    year = {2014},
    booktitle = {Procedia IUTAM},
    author = {Von Storch, Hans},
    pages = {356--362},
    volume = {10},
    publisher = {Elsevier B.V.},
    doi = {10.1016/j.piutam.2014.01.030},
    issn = {22109838},
    keywords = {Modelling, Risks, Scenario, Storm surges}
}

@article{Cirillo2020TailDiseases,
    title = {{Tail risk of contagious diseases}},
    year = {2020},
    journal = {Nature Physics 2020 16:6},
    author = {Cirillo, Pasquale and Taleb, Nassim Nicholas},
    number = {6},
    month = {5},
    pages = {606--613},
    volume = {16},
    publisher = {Nature Publishing Group},
    url = {https://www.nature.com/articles/s41567-020-0921-x},
    doi = {10.1038/s41567-020-0921-x},
    issn = {1745-2481},
    keywords = {2, CoV, SARS, Statistics}
}

@book{Galambos1978TheStatistics,
    title = {{The asymptotic theory of extreme order statistics}},
    year = {1978},
    author = {Galambos, János},
    pages = {352},
    publisher = {Wiley},
    address = {New York},
    isbn = {9780471021483}
}

@article{Zuo2019TheAssessment,
    title = {{The ECMWF operational ensemble reanalysis-analysis system for ocean and sea ice: A description of the system and assessment}},
    year = {2019},
    journal = {Ocean Science},
    author = {Zuo, Hao and Balmaseda, Magdalena Alonso and Tietsche, Steffen and Mogensen, Kristian and Mayer, Michael},
    number = {3},
    month = {6},
    pages = {779--808},
    volume = {15},
    publisher = {Copernicus GmbH},
    doi = {10.5194/OS-15-779-2019}
}

@article{Zuo2017TheSignals,
    title = {{The new eddy-permitting ORAP5 ocean reanalysis: description, evaluation and uncertainties in climate signals}},
    year = {2017},
    journal = {Climate Dynamics},
    author = {Zuo, Hao and Balmaseda, Magdalena A. and Mogensen, Kristian},
    number = {3},
    month = {8},
    pages = {791--811},
    volume = {49},
    publisher = {Springer Verlag},
    doi = {10.1007/S00382-015-2675-1},
    keywords = {Ocean reanalyses, Sea level, Sensitivity experiment}
}

@article{Fossell2017TheMexico,
    title = {{The practical predictability of storm tide from tropical cyclones in the gulf of Mexico}},
    year = {2017},
    journal = {Monthly Weather Review},
    author = {Fossell, Kathryn R. and Ahijevych, David and Morss, Rebecca E. and Snyder, Chris and Davis, Chris},
    number = {12},
    month = {12},
    pages = {5103--5121},
    volume = {145},
    publisher = {American Meteorological Society},
    doi = {10.1175/MWR-D-17-0051.1},
    issn = {15200493},
    keywords = {Storm surges}
}

@article{Wilson2013Tide-surgeUncertainty,
    title = {{Tide-surge adjoint modeling: A new technique to understand forecast uncertainty}},
    year = {2013},
    journal = {Journal of Geophysical Research: Oceans},
    author = {Wilson, Chris and Horsburgh, Kevin J. and Williams, Jane and Flowerdew, Jonathan and Zanna, Laure},
    number = {10},
    pages = {5092--5108},
    volume = {118},
    publisher = {Blackwell Publishing Ltd},
    doi = {10.1002/jgrc.20364},
    issn = {21699291},
    keywords = {adjoint, ensemble, sea level, sensitivity, surge, tide}
}

@book{Pugh1987TidesSea-level,
    title = {{Tides, surges, and mean sea-level}},
    year = {1987},
    author = {Pugh, David},
    pages = {472},
    publisher = {J. Wiley},
    isbn = {047191505X}
}

@article{Ronneberger2015U-Net:Segmentation,
    title = {{U-Net: Convolutional Networks for Biomedical Image Segmentation}},
    year = {2015},
    journal = {Lecture Notes in Computer Science (including subseries Lecture Notes in Artificial Intelligence and Lecture Notes in Bioinformatics)},
    author = {Ronneberger, Olaf and Fischer, Philipp and Brox, Thomas},
    month = {5},
    pages = {234--241},
    volume = {9351},
    url = {https://arxiv.org/abs/1505.04597v1},
    arxivId = {1505.04597}
}

@article{Chavas2013U.S.Perspective,
    title = {{U.S. Hurricanes and Economic Damage: Extreme Value Perspective}},
    year = {2013},
    journal = {Natural Hazards Review},
    author = {Chavas, Daniel and Yonekura, Emmi and Karamperidou, Christina and Cavanaugh, Nicholas and Serafin, Katherine},
    number = {4},
    month = {11},
    pages = {237--246},
    volume = {14},
    publisher = {American Society of Civil Engineers},
    url = {https://ascelibrary.org/doi/abs/10.1061/%28ASCE%29NH.1527-6996.0000102},
    doi = {10.1061/(ASCE)NH.1527-6996.0000102},
    keywords = {Damage, Economic factors, Extreme value theory, Hurricanes, Natural disasters, Risk management, United States}
}