@book{pearl2018book,
  title={The book of why: the new science of cause and effect},
  author={Pearl, Judea and Mackenzie, Dana},
  year={2018},
  publisher={Basic Books}
}
