@article{hurrell1995decadal,
  title={Decadal trends in the North Atlantic Oscillation:
   regional temperatures and precipitation},
  author={Hurrell, James W},
  journal={Science},
  volume={269},
  number={5224},
  pages={676--679},
  year={1995},
  publisher={American Association for the Advancement of Science}
}
