@article{kleinschmidt1951grundlagen,
  title={Grundlagen einer Theorie der tropischen Zyklonen},
  author={Kleinschmidt, Ernst},
  journal={Archiv f{\"u}r Meteorologie, Geophysik und Bioklimatologie, Serie A},
  volume={4},
  number={1},
  pages={53--72},
  year={1951},
  publisher={Springer}
}

@article{emanuel1986air,
  title={An air-sea interaction theory for tropical cyclones. Part I: Steady-state maintenance},
  author={Emanuel, Kerry A},
  journal={Journal of the Atmospheric Sciences},
  volume={43},
  number={6},
  pages={585--605},
  year={1986}
}

@book{anthes2016tropical,
  title={Tropical cyclones: their evolution, structure and effects},
  author={Anthes, Richard},
  volume={19},
  year={2016},
  publisher={Springer}
}



@inproceedings{lilly1985steady,
  title={A steady-state hurricane model},
  author={Lilly, D K and Emanuel, K A},
  booktitle={Preprints of the 16th Conference on Hurricanes and Tropical Meteorology, Houston, TX, Amer. Meteor. Soc., Boston},
  year={1985}
}


@article{seager2019strengthening,
  title={Strengthening tropical Pacific zonal sea surface temperature gradient consistent with rising greenhouse gases},
  author={Seager, Richard and Cane, Mark and Henderson, Naomi and Lee, Dong-Eun and Abernathey, Ryan and Zhang, Honghai},
  journal={Nature Climate Change},
  volume={9},
  number={7},
  pages={517--522},
  year={2019},
  publisher={Nature Publishing Group},
  addendum={This paper argues that the cold bias in equatorial cold tongues
            is responsible for making all CMIP climate models misrepresenting the
            trend in the Pacific Ocean SST gradient trend. These issues will also
            affect the Atlantic Ocean, and so are a source of systematic bias in
            cyclogenesis and cyclone strengthening within all CMIP models.}
}


@article{fedorov2010tropical,
  title={Tropical cyclones and permanent El Ni{\~n}o in the early Pliocene epoch},
  author={Fedorov, Alexey V and Brierley, Christopher M and Emanuel, Kerry A},
  journal={Nature},
  volume={463},
  number={7284},
  pages={1066--1070},
  year={2010},
  publisher={Nature Publishing Group},
  addendum={This shows that in the pliocene there may have been more tropical cyclones,
  in regions where they are currently  absent, such as Hawaii and the South Atlantic. }
}


@article{emanuel2018progress,
  title={100 years of progress in tropical cyclone research},
  author={Emanuel, Kerry A},
  journal={Meteorological Monographs},
  volume={59},
  pages={15--1},
  year={2018}
}


@article{emanuel2008hurricanes,
  title={Hurricanes and global warming: Results from downscaling IPCC AR4 simulations},
  author={Emanuel, Kerry A and Sundararajan, Ragoth and Williams, John},
  journal={Bulletin of the American Meteorological Society},
  volume={89},
  number={3},
  pages={347--368},
  year={2008},
  publisher={American Meteorological Society}
}


@article{camargo2019tropical,
  title={Tropical cyclone predicTion on SubSeaSonal Time-ScaleS},
  author={Camargo, Suzana J and Camp, Joanne and Elsberry, Russell L and Gregory, Paul A and Klotzbach, Philip J and Schreck III, Carl J and Sobel, Adam H and Ventrice, Michael J and Vitart, Fr{\'e}d{\'e}ric and Wang, Zhuo and others},
  journal={Tropical Cyclone Research and Review},
  volume={8},
  number={3},
  pages={150--165},
  year={2019},
  publisher={Elsevier}
}

@article{emanuel1999thermodynamic,
  title={Thermodynamic control of hurricane intensity},
  author={Emanuel, Kerry A},
  journal={Nature},
  volume={401},
  number={6754},
  pages={665--669},
  year={1999},
  publisher={Nature Publishing Group}
}


@article{zhang2009tropical,
  title={Tropical cyclone damages in China 1983--2006},
  author={Zhang, Qiang and Wu, Liguang and Liu, Qiufeng},
  journal={Bulletin of the American Meteorological Society},
  volume={90},
  number={4},
  pages={489--496},
  year={2009},
  publisher={American Meteorological Society}
}

@article{mendelsohn2012impact,
  title={The impact of climate change on global tropical cyclone damage},
  author={Mendelsohn, Robert and Emanuel, Kerry A and Chonabayashi, Shun and Bakkensen, Laura},
  journal={Nature climate change},
  volume={2},
  number={3},
  pages={205--209},
  year={2012},
  publisher={Nature Publishing Group},
  addendum={This is broadly seems to make the point that there was not enough data (in 2012)
            to say that there is a trend in hurricanes due to the high
            natural variability.}
}


@article{shultz2005epidemiology,
  title={Epidemiology of tropical cyclones: the dynamics of disaster, disease, and development},
  author={Shultz, James M and Russell, Jill and Espinel, Zelde},
  journal={Epidemiologic reviews},
  volume={27},
  number={1},
  pages={21--35},
  year={2005},
  publisher={Oxford University Press}
}

@phdthesis{bister1996development,
  title={Development of tropical cyclones from mesoscale convective systems},
  author={Bister, Marja Helena},
  year={1996},
  school={Massachusetts Institute of Technology}
}


@article{gray1975tropical,
  title={Tropical cyclone genesis},
  author={Gray, William M},
  journal={Atmospheric science paper; no. 234},
  year={1975},
  publisher={Colorado State University. Libraries}
}


@article{bister1998dissipative,
  title={Dissipative heating and hurricane intensity},
  author={Bister, Marja and Emanuel, Kerry A},
  journal={Meteorology and Atmospheric Physics},
  volume={65},
  number={3-4},
  pages={233--240},
  year={1998},
  publisher={Springer}
}


@article{tomassini2017interaction,
  title={The interaction between moist diabatic processes
   and the atmospheric circulation in African Easterly Wave propagation},
  author={Tomassini, Lorenzo and Parker, Douglas J
          and Stirling, Alison and Bain, Caroline
          and Senior, Catherine and Milton, Sean},
  journal={Quarterly Journal of the Royal Meteorological Society},
  volume={143},
  number={709},
  pages={3207--3227},
  year={2017},
  publisher={Wiley Online Library},
  addendum={Diabatic is the opposite of adiabatic.}
}


@article{emanuel1987dependence,
  title={The dependence of hurricane intensity on climate},
  author={Emanuel, Kerry A},
  journal={Nature},
  volume={326},
  number={6112},
  pages={483--485},
  year={1987},
  publisher={Springer}
}

@article{emanuel2011selfI,
  title={Self-stratification of tropical cyclone outflow.
  Part I: Implications for storm structure},
  author={Emanuel, Kerry A and Rotunno, Richard},
  journal={Journal of the Atmospheric Sciences},
  volume={68},
  number={10},
  pages={2236--2249},
  year={2011}
}


@article{emanuel2012selfII,
  title={Self-stratification of tropical cyclone outflow.
  Part II: Implications for storm intensification},
  author={Emanuel, Kerry A},
  journal={Journal of the atmospheric sciences},
  volume={69},
  number={3},
  pages={988--996},
  year={2012}
}


@article{emanuel2016predictability,
  title={On the predictability and error sources of
         tropical cyclone intensity forecasts},
  author={Emanuel, Kerry A and Zhang, Fuqing},
  journal={Journal of the Atmospheric Sciences},
  volume={73},
  number={9},
  pages={3739--3747},
  year={2016}
}

@article{emanuel2017will,
  title={Will global warming make hurricane forecasting more difficult?},
  author={Emanuel, Kerry A},
  journal={Bulletin of the American Meteorological Society},
  volume={98},
  number={3},
  pages={495--501},
  year={2017}
}


@article{zhang2017response,
  title={Response of the North Pacific tropical cyclone climatology to global warming:
         Application of dynamical downscaling to CMIP5 models},
  author={Zhang, Lei and Karnauskas, Kristopher B and Donnelly, Jeffrey P and Emanuel, Kerry},
  journal={Journal of Climate},
  volume={30},
  number={4},
  pages={1233--1243},
  year={2017}
}



@article{korty2017tropical,
  title={Tropical cyclones downscaled from simulations with very high carbon dioxide levels},
  author={Korty, Robert L and Emanuel, Kerry A and Huber, Matthew and Zamora, Ryan A},
  journal={Journal of Climate},
  volume={30},
  number={2},
  pages={649--667},
  year={2017}
}


@article{emanuel1991theory,
  title={The Theory of Hurricanes},
  author={Emanuel, Kerry A},
  journal={Annual Review of Fluid Mechanics},
  volume={23},
  number={1},
  pages={179--196},
  year={1991},
  publisher={Annual Reviews},
  addendum={Whilst good, this paper unforgivably
            derives Carnot's theorem from Bernoulli's equation.
            The reader will realise that,
            as equivalent to the second law of thermodynamics,
            Carnot's theorem is the more fundamental of the two. }
}


@book{schloemer1954analysis,
  title={Analysis and Synthesis of Hurricane Wind Psatterns over Lake Okeechobee, Florida},
  author={Schloemer, Robert W},
  volume={30},
  year={1954},
  publisher={US Department of Commerce, Weather Bureau},
  addendum={The choice of function here is self-declared to be quite arbitrary,
  and this choice was the basis for the model in \cite{holland1980analytic,holland2010revised}.}
}

@article{holland2010revised,
  title={A Revised Model for Radial Profiles of Hurricane Winds},
  author={Holland, Greg J and Belanger, James I and Fritz, Angela},
  journal={Monthly Weather Review},
  volume={138},
  number={12},
  pages={4393--4401},
  year={2010}
}

@article{holland1980analytic,
  title={An Analytic Model of the Wind and Pressure Profiles in Hurricanes},
  author={Holland, Greg J},
  journal={Monthly weather review},
  volume={108},
  number={8},
  pages={1212--1218},
  year={1980}
}

@book{emanuel2005divine,
  title={Divine Wind: The History and Science of Hurricanes},
  author={Emanuel, Kerry and others},
  year={2005},
  publisher={Oxford university press}
}

@article{zhang2017response,
  title={Response of the North Pacific tropical cyclone climatology to global warming: Application of dynamical downscaling to CMIP5 models},
  author={Zhang, Lei and Karnauskas, Kristopher B and Donnelly, Jeffrey P and Emanuel, Kerry},
  journal={Journal of Climate},
  volume={30},
  number={4},
  pages={1233--1243},
  year={2017}
}

@article{bister2002low,
  title={Low frequency variability of tropical cyclone potential intensity 1. Interannual to interdecadal variability},
  author={Bister, Marja and Emanuel, Kerry A},
  journal={Journal of Geophysical Research: Atmospheres},
  volume={107},
  number={D24},
  pages={ACL--26},
  year={2002},
  publisher={Wiley Online Library}
}

@article{emanuel2008hurricanes,
  title={Hurricanes and global warming: Results from downscaling IPCC AR4 simulations},
  author={Emanuel, Kerry and Sundararajan, Ragoth and Williams, John},
  journal={Bulletin of the American Meteorological Society},
  volume={89},
  number={3},
  pages={347--368},
  year={2008},
  publisher={American Meteorological Society}
}


@article{camargo2013global,
  title={Global and regional aspects of tropical cyclone activity in the CMIP5 models},
  author={Camargo, Suzana J},
  journal={Journal of Climate},
  volume={26},
  number={24},
  pages={9880--9902},
  year={2013}
}

  @article{nordhaus2010,
  author = {NORDHAUS, WILLIAM D.},
  title = {The economics of hurricanes and implications of global warming},
  journal = {Climate Change Economics},
  volume = {01},
  number = {01},
  pages = {1-20},
  year = {2010},
  doi = {10.1142/S2010007810000054},

  URL = {
          https://doi.org/10.1142/S2010007810000054

  },

  }
