
@article{bucher2018horse,
  title={A horse racing between the block maxima method
         and the peak-over-threshold approach},
  author={B{\"u}cher, Axel and Zhou, Chen},
  journal={arXiv preprint arXiv:1807.00282},
  year={2018},
  addendum{Even if not properly published,
           this is readable,
           and makes sensible points.}
}


@article{solari2017peaks,
  title={Peaks Over Threshold (POT): A methodology for automatic
         threshold estimation using goodness of fit p-value},
  author={Solari, Sebasti{\'a}n and Eg{\"u}en, Marta and Polo,
          Mar{\'\i}a Jos{\'e} and Losada, Miguel A},
  journal={Water Resources Research},
  volume={53},
  number={4},
  pages={2833--2849},
  year={2017},
  publisher={Wiley Online Library}
}


@article{far2016evaluation,
  title={Evaluation of peaks-over-threshold method},
  author={Far, Soheil Saeed
          and Wahab, Ahmad Khairi Abd},
  journal={Ocean Science Discussions},
  pages={1--25},
  year={2016}
}
