@book{faber1995fluid,
  title={Fluid dynamics for physicists},
  author={Faber, Tom E},
  year={1995},
  publisher={Cambridge university press}
}

@book{landau1959course,
  title={Course of Theoretical Physics Vol. 6 Fluid Mechanies},
  author={Landau, Lev Davidovich and Lifshitz, EM},
  year={1959},
  publisher={Pergamon Press},
  addendum={This book uses ยง for sections,
  which helped to reduce the wordcount of this report.}
}

@book{pletcher2012computational,
  title={Computational fluid mechanics and heat transfer},
  author={Pletcher, Richard H and Tannehill, John C and Anderson, Dale},
  year={2012},
  publisher={CRC press}
}

@book{roisin2010GFD,
  title={Introduction to geophysical fluid dynamics: physical and numerical aspects},
  author={Cushman-Roisin, Benoit and Beckers, Jean-Marie},
  year={2011},
  pages={543--570},
  publisher={Academic press},
  addendum={This is a great graduate text on climate fluid dynamics.}
}
