


@misc{presentation,
 title={NST 1B Physics Experimental Methods Notes,
[\textit{Lecture 8: Presenting your results}]},
 author={L. O'Brien}, 
 publisher={Cavendish Laboratory, University of Cambridge},
year={2016}}

@misc{MathsFormulaBooklet,
 title={Mathematical Formulae Booklet for Physics},
 author={Green, Dave}, 
 publisher={Teaching Committee, Cavendish Laboratory, University of Cambridge},
year={2019}}


@book{LabNotes,
 title={Keeping Laboratory Notes and
Writing Formal Reports},
 author={JMR}, 
 publisher={Cavendish Laboratory, University of Cambridge},
year={2018}}


@article{ScienceWriting,
  author        = {Sainani, Kristin },
  title         = {Writing in the Sciences, SOM-Y0010},
  month         = {August},
  year          = {2018},
  publisher     =   {STANFORD SCHOOL OF MEDICINE}
}

@misc{DrawIO,
author = {OSS},
title = {Draw.io},
publisher = {Google},
year = {2019},
howpublished = {\url{https://www.draw.io/}}}


@book{pinker2015sense,
  title={The sense of style: The thinking person's guide to writing in the 21st century},
  author={Pinker, Steven},
  year={2015},
  publisher={Penguin Books}
}

@misc{WOS,
  title = {Web of science},
  howpublished = {\url{http://apps.webofknowledge.com/}},
  note = {Accessed: 2019-06-12}
}


@misc{mathpix,
  title = {Mathpix Snipping Tool},
  howpublished = {\url{https://mathpix.com/}},
  note = {Copywrite: 2018}
}


@article{scikit-learn,
 title={Scikit-learn: Machine Learning in {P}ython},
 author={Pedregosa, F. and Varoquaux, G. and Gramfort, A. and Michel, V.
         and Thirion, B. and Grisel, O. and Blondel, M. and Prettenhofer, P.
         and Weiss, R. and Dubourg, V. and Vanderplas, J. and Passos, A. and
         Cournapeau, D. and Brucher, M. and Perrot, M. and Duchesnay, E.},
 journal={Journal of Machine Learning Research},
 volume={12},
 pages={2825--2830},
 year={2011}
}


@article{Hunter:2007,
   Author    = {Hunter, J. D.},
   Title     = {Matplotlib: A 2D graphics environment},
   Journal   = {Computing In Science \& Engineering},
   Volume    = {9},
   Number    = {3},
   Pages     = {90--95},
   abstract  = {Matplotlib is a 2D graphics package used for Python
   for application development, interactive scripting, and
   publication-quality image generation across user
   interfaces and operating systems.},
   publisher = {IEEE COMPUTER SOC},
   doi       = {10.1109/MCSE.2007.55},
   year      = 2007
}

@article{thyng2016true,
  title={True colors of oceanography: Guidelines for effective and accurate colormap selection},
  author={Thyng, Kristen M and Greene, Chad A and Hetland, Robert D and Zimmerle, Heather M and DiMarco, Steven F},
  journal={Oceanography},
  volume={29},
  number={3},
  pages={9--13},
  year={2016},
  publisher={JSTOR}
}

@book{myers1976softwear,
  title={Softwear Reliability},
  author={Myers, Glenford J},
  year={1976},
  publisher={John Wiley \& Sons, Inc.}
}

@misc{WebPlotDigitiser,
      Author = {Rohatgi, Ankit },
      Title = {WebPlotDigitizer},
      url = {https://automeris.io/WebPlotDigitizer},
      Volume = {Version: 4.2},
      Date = {April, 2019},
      Publisher = {San Francisco, California, USA}
}

@article{mcintyre1997lucidity,
  title={Lucidity and science I: Writing skills and the pattern perception hypothesis},
  author={McINTYRE, MICHAEL E},
  journal={Interdisciplinary science reviews},
  volume={22},
  number={3},
  pages={199--216},
  year={1997},
  publisher={Taylor \& Francis}
}

@article{lebigot2010uncertainties,
  title={Uncertainties: a Python package for calculations with uncertainties},
  author={Lebigot, Eric O},
  journal={URL http://pythonhosted. org/uncertainties},
  year={2010}
}