@book{archer2012global,
  title={Global warming: understanding the forecast},
  author={Archer, David},
  year={2012},
  publisher={John Wiley \& Sons}
}

@book{mackay2008sustainable,
  title={Sustainable Energy-without the hot air},
  author={MacKay, David},
  year={2008},
  publisher={UIT Cambridge}
}

@book{hartmann2015global,
  title={Global physical climatology},
  author={Hartmann, Dennis L},
  volume={103},
  year={2015},
   pages={Chp 7},
  publisher={Newnes}
}

@article{tollefson2016much,
  title={How much longer can Antarcticaâ€™s hostile ocean delay global warming?},
  author={Tollefson, Jeff},
  journal={Nature News},
  volume={539},
  number={7629},
  pages={346},
  year={2016}
}

@article{sutherland2019direct,
  title={Direct observations of submarine melt and subsurface geometry at a tidewater glacier},
  author={Sutherland, DA and Jackson, RH and Kienholz, C and Amundson, JM and Dryer, WP and Duncan, D and Eidam, EF and Motyka, RJ and Nash, JD},
  journal={Science},
  volume={365},
  number={6451},
  pages={369--374},
  year={2019},
  publisher={American Association for the Advancement of Science}
}
