@book{murphy2012machine,
  title={Machine learning: a probabilistic perspective},
  author={Murphy, Kevin P},
  year={2012},
  publisher={MIT press}
}


@article{biamonte2017quantum,
  title={Quantum machine learning},
  author={Biamonte, Jacob and Wittek, Peter and Pancotti, Nicola
  and Rebentrost, Patrick and Wiebe, Nathan and Lloyd, Seth},
  journal={Nature},
  volume={549},
  number={7671},
  pages={195},
  year={2017},
  publisher={Nature Publishing Group}
}

@book{ITILA,
  title={Information theory, inference and learning algorithms},
  author={MacKay, David JC},
  year={2003},
  publisher={Cambridge university press}
}

@PHDTHESIS{MacKay91,
 AUTHOR         ="D. J. C.  MacKay",
 TITLE          ="Bayesian Methods for Adaptive Models",
 YEAR           =1991,
 SCHOOL		="California Institute of Technology"}

@article{neath2012bayesian,
  title={The Bayesian information criterion: background, derivation, and applications},
  author={Neath, Andrew A and Cavanaugh, Joseph E},
  journal={Wiley Interdisciplinary Reviews: Computational Statistics},
  volume={4},
  number={2},
  pages={199--203},
  year={2012},
  publisher={Wiley Online Library}
}

@inproceedings{snelson2004warped,
  title={Warped gaussian processes},
  author={Snelson, Edward and Ghahramani, Zoubin and Rasmussen, Carl E},
  booktitle={Advances in neural information processing systems},
  pages={337--344},
  year={2004}
}

@misc{hutson2018artificial,
  title={Artificial intelligence faces reproducibility crisis},
  author={Hutson, Matthew},
  year={2018},
  publisher={American Association for the Advancement of Science}
}

@article{jayne2017argo,
  title={The Argo Program: present and future},
  author={Jayne, Steven R and Roemmich, Dean and Zilberman, Nathalie
  and Riser, Stephen C and Johnson, Kenneth S and Johnson,
    Gregory C and Piotrowicz, Stephen R},
  journal={Oceanography},
  volume={30},
  number={2},
  pages={18--28},
  year={2017},
  publisher={JSTOR}
}

@inproceedings{minka2001automatic,
  title={Automatic choice of dimensionality for PCA},
  author={Minka, Thomas P},
  booktitle={Advances in neural information processing systems},
  pages={598--604},
  year={2001}
}

@article{tipping1999mixtures,
  title={Mixtures of probabilistic principal component analyzers},
  author={Tipping, Michael E and Bishop, Christopher M},
  journal={Neural computation},
  volume={11},
  number={2},
  pages={443--482},
  year={1999},
  publisher={MIT Press}
}

@article{ebden2008gaussian,
  title={Gaussian processes for regression: A quick introduction},
  author={Ebden, Mark and others},
  journal={The website of robotics research group in department on
  engineering science, University of Oxford},
  volume={91},
  pages={424--436},
  year={2008}
}

@book{sivia2006data,
  title={Data analysis: a Bayesian tutorial},
  author={Sivia, Devinderjit and Skilling, John},
  year={2006},
  publisher={OUP Oxford}
}

@book{williams2006gaussian,
  title={Gaussian processes for machine learning},
  author={Williams, Christopher KI and Rasmussen, Carl Edward},
  volume={2},
  number={3},
  year={2006},
  publisher={MIT press Cambridge, MA}
}

@article{durrande2016detecting,
  title={Detecting periodicities with Gaussian processes},
  author={Durrande, Nicolas and Hensman, James and Rattray, Magnus
   and Lawrence, Neil D},
  journal={PeerJ Computer Science},
  volume={2},
  pages={e50},
  year={2016},
  publisher={PeerJ Inc.}
}

@article{sobol1967distribution,
  title={On the distribution of points in a cube
  and the approximate evaluation of integrals},
  author={Sobol', Il'ya Meerovich},
  journal={Zhurnal Vychislitel'noi Matematiki i Matematicheskoi Fiziki},
  volume={7},
  number={4},
  pages={784--802},
  year={1967},
  publisher={Russian Academy of Sciences, Branch of Mathematical Sciences}
}

@phdthesis{duvenaud2014automatic,
  title={Automatic model construction with Gaussian processes},
  author={Duvenaud, David},
  year={2014},
  school={University of Cambridge}
}

@article{gorur2010dirichlet,
  title={Dirichlet process gaussian mixture models:
   Choice of the base distribution},
  author={G{\"o}r{\"u}r, Dilan and Rasmussen, Carl Edward},
  journal={Journal of Computer Science and Technology},
  volume={25},
  number={4},
  pages={653--664},
  year={2010},
  publisher={Springer}
}

@article{ong2005learning,
  title={Learning the kernel with hyperkernels},
  author={Ong, Cheng Soon and Smola, Alexander J and Williamson, Robert C},
  journal={Journal of Machine Learning Research},
  volume={6},
  number={Jul},
  pages={1043--1071},
  year={2005}
}

@article{north1982sampling,
  title={Sampling errors in the estimation of empirical orthogonal functions},
  author={North, Gerald R and Bell, Thomas L
  and Cahalan, Robert F and Moeng, Fanthune J},
  journal={Monthly weather review},
  volume={110},
  number={7},
  pages={699--706},
  year={1982}
}

@book{faul2019concise,
  title={A Concise Introduction to Machine Learning},
  author={Faul, A. C. },
  year={2019}
}
