@article{lorenz1955available,
  title={Available potential energy and the maintenance of the general circulation},
  author={Lorenz, Edward N},
  journal={Tellus},
  volume={7},
  number={2},
  pages={157--167},
  year={1955},
  publisher={Taylor \& Francis}
}

@article{lorenz1960energy,
  title={Energy and numerical weather prediction},
  author={Lorenz, Edward N},
  journal={Tellus},
  volume={12},
  number={4},
  pages={364--373},
  year={1960},
  publisher={Taylor \& Francis},
  addendum={Talks about the energy source of extratropical cyclones.}
}


@misc{holton2004introduction,
  title={An introduction to dynamic meteorology},
  author={Holton, James R},
  year={2004},
  publisher={Elsevier Academic Press,}
}
