@article{emanuel1991theory,
  title={The theory of hurricanes},
  author={Emanuel, Kerry A},
  journal={Annual Review of Fluid Mechanics},
  volume={23},
  number={1},
  pages={179--196},
  year={1991},
  publisher={Annual Reviews 4139 El Camino Way, PO Box 10139, Palo Alto, CA 94303-0139, USA}
}


@article{preprint,
 title={Unsupervised clustering of Southern Ocean Argo float temperature profiles},
 author={Jones, Daniel C.
and  Holt,  Harry J. and
 Meijers, Andrew J.S.
and Shuckburgh, Emily },
 journal={Preprint},
 volume={},
 pages={},
 year={2019}
}

@article{MLcodelisting,
author={Holt, H. J. and Jones, D. C.},
title={Southern Ocean temperature profile classification tool},
journal={Zenodo},
doi= {doi:10.5281/zenodo.1543106.},
year={2018}
}

@article{ferrari2010suppression,
  title={Suppression of eddy diffusivity across jets in the Southern Ocean},
  author={Ferrari, Raffaele and Nikurashin, Maxim},
  journal={Journal of Physical Oceanography},
  volume={40},
  number={7},
  pages={1501--1519},
  year={2010}
}

@book{williams2011ocean,
  title={Ocean dynamics and the carbon cycle: Principles and mechanisms},
  author={Williams, Richard G and Follows, Michael J},
  year={2011},
  pages={202-205},
  publisher={Cambridge University Press}
}

@article{kim2014variability,
  title={On the variability of Antarctic Circumpolar Current fronts inferred from 1992--2011 altimetry},
  author={Kim, Yong Sun and Orsi, Alejandro H},
  journal={Journal of Physical Oceanography},
  volume={44},
  number={12},
  pages={3054--3071},
  year={2014}
}

@article{pauthenet2017linear,
  title={A linear decomposition of the Southern Ocean thermohaline structure},
  author={Pauthenet, Etienne and Roquet, Fabien and Madec, Gurvan and Nerini, David},
  journal={Journal of Physical Oceanography},
  volume={47},
  number={1},
  pages={29--47},
  year={2017}
}

@article{chapman2017new,
  title={New perspectives on frontal variability in the Southern Ocean},
  author={Chapman, Christopher C},
  journal={Journal of Physical Oceanography},
  volume={47},
  number={5},
  pages={1151--1168},
  year={2017}
}

@article{verdy2017data,
  title={A data assimilating model for estimating Southern Ocean biogeochemistry},
  author={Verdy, A and Mazloff, MR},
  journal={Journal of Geophysical Research: Oceans},
  volume={122},
  number={9},
  pages={6968--6988},
  year={2017},
  publisher={Wiley Online Library}
}

@article{talley2013closure,
  title={Closure of the global overturning circulation through the Indian, Pacific, and Southern Oceans: Schematics and transports},
  author={Talley, Lynne D},
  journal={Oceanography},
  volume={26},
  number={1},
  pages={80--97},
  year={2013},
  publisher={JSTOR}
}

@book{gurney2007below,
  title={Below the convergence: voyages toward Antarctica, 1699-1839},
  author={Gurney, Alan},
  year={2007},
  publisher={WW Norton \& Company}
}

@article{russell2014southern,
  title={The southern ocean carbon and climate observations and modeling program (SOCCOM)},
  author={Russell, Joellen and Sarmiento, JL and Cullen, Heidi and Hotinski, Roberta and Johnson, Ken and Riser, Steve and Talley, Lynne},
  journal={Ocean Carbon Biogeochem. Newsl},
  volume={7},
  pages={1--5},
  year={2014}
}


@article{chapman2014southern,
  title={Southern Ocean jets and how to find them: Improving and comparing common jet detection methods},
  author={Chapman, Christopher C},
  journal={Journal of Geophysical Research: Oceans},
  volume={119},
  number={7},
  pages={4318--4339},
  year={2014},
  publisher={Wiley Online Library}
}

@article{mackie2019Fronts,
  title={Southern Ocean Fronts},
  author={Mackie, Erik J. B.},
  journal={Personal Communication},
  volume={},
  number={},
  pages={},
  year={2019},
  publisher={}
}


@article{hjelmervik2019detection,
  title={Detection of Oceanographic Fronts on Variable Water Depths Using Empirical Orthogonal Functions},
  author={Hjelmervik, Karina Bakkel{\o}kken and Hjelmervik, Karl Thomas},
  journal={IEEE Journal of Oceanic Engineering},
  year={2019},
  publisher={IEEE}
}



@phdthesis{Mackie2018SOCirc,
    title    = {Southern Ocean Circulation and Frontal Dynamics from Cryosat-2 Along-track Radar Altimetry},
    school   = {University of Bristol, School of Geographical Sciences},
    author   = {Mackie, Erik Jans Bayens},
    year     = {2018}
}


@phdthesis{Jones2013Eddies,
    title    = {Testing Eddy Compensation and Eddy Saturation in the Southern Ocean},
    school   = {Colorado State University, Department of Atmospheric Science},
    author   = {Jones, Daniel C.},
    year     = {2013}
}

@article{thompson2012jets,
  title={Jets and topography: Jet transitions and the impact on transport in the Antarctic Circumpolar Current},
  author={Thompson, Andrew F and Sall{\'e}e, Jean-Baptiste},
  journal={Journal of physical Oceanography},
  volume={42},
  number={6},
  pages={956--972},
  year={2012}
}

@article{haziot2018applying,
  title={Applying the Stereographic Projection to Modeling of the Flow of the Antarctic Circumpolar Current},
  author={Haziot, Susanna V and Marynets, Kateryna},
  journal={Oceanography},
  volume={31},
  number={3},
  pages={68--75},
  year={2018},
  publisher={JSTOR}
}

@article{huck2017antarctic,
  title={Antarctic climate, Southern Ocean circulation patterns, and deep water formation during the Eocene},
  author={Huck, Claire E and van de Flierdt, Tina and Bohaty, Steven M and Hammond, Samantha J},
  journal={Paleoceanography},
  volume={32},
  number={7},
  pages={674--691},
  year={2017},
  publisher={Wiley Online Library}
}

@article{huck2017antarctic,
  title={Antarctic climate, Southern Ocean circulation patterns, and deep water formation during the Eocene},
  author={Huck, Claire E and van de Flierdt, Tina and Bohaty, Steven M and Hammond, Samantha J},
  journal={Paleoceanography},
  volume={32},
  number={7},
  pages={674--691},
  year={2017},
  publisher={Wiley Online Library}
}


@article{pauthenet2019thermohaline,
  title={The thermohaline modes of the global ocean},
  author={Pauthenet, {\'E}tienne and Roquet, Fabien and Madec, Gurvan and Sall{\'e}e, Jean-Baptiste and Nerini, David},
  journal={Journal of Physical Oceanography},
  volume={49},
  number={10},
  pages={2535--2552},
  year={2019}
}

% This file will look impressive to the physics department
@article{constantin2018steady,
  title={Steady large-scale ocean flows in spherical coordinates},
  author={Constantin, Adrian and Johnson, Robin Stanley},
  journal={Oceanography},
  volume={31},
  number={3},
  pages={42--50},
  year={2018},
  publisher={JSTOR}
}

@misc{gitlab,
  author = {Thomas, Simon D. A.},
  title = {Finding Boundaries in the Southern Ocean},
  year = {2019},
  publisher = {GitLab},
  journal = {GitLab repository},
  howpublished = {\url{https://gitlab.com/sdat2/fbso}}
}


@misc{OceanClustering,
  author = {Jones, Dan J. and Holt, Harry},
  title = {OceanClustering},
  year = {2018},
  publisher = {GitHub},
  journal = {GitHub repository},
  howpublished = {\url{https://github.com/DanJonesOcean/OceanClustering}}
}




@misc{GMM_example,
  author = {Jones, Dan J.},
  title = {GMM\_example},
  year = {2019},
  publisher = {GitHub},
  journal = {GitHub repository},
  howpublished = {\url{https://github.com/DanJonesOcean/GMM_example}}
}


@article{donohue2016mean,
  title={Mean antarctic circumpolar current transport measured in drake passage},
  author={Donohue, KA and Tracey, KL and Watts, DR and Chidichimo, Mar{\'\i}a Paz and Chereskin, TK},
  journal={Geophysical Research Letters},
  volume={43},
  number={22},
  pages={11--760},
  year={2016},
  publisher={Wiley Online Library}
}

@article{sonnewald2018linear,
  title={Linear predictability: A sea surface height case study},
  author={Sonnewald, Maike and Wunsch, Carl and Heimbach, Patrick},
  journal={Journal of Climate},
  volume={31},
  number={7},
  pages={2599--2611},
  year={2018}
}

@article{stanley2019neutral,
  title={Neutral surface topology},
  author={Stanley, Geoffrey J},
  journal={Ocean Modelling},
  year={2019},
  publisher={Elsevier}
}

@article{intergovernmental2010international,
  title={The International thermodynamic equation of seawater--2010: calculation and use of thermodynamic properties.[includes corrections up to 31st October 2015].},
  author={Intergovernmental Oceanographic Commission and others},
  year={2010},
  publisher={UNESCO}
}

@inproceedings{lynn1968characteristics,
  title={Characteristics and circulation of deep and abyssal waters},
  author={Lynn, Ronald J and Reid, Joseph L},
  booktitle={Deep Sea Research and Oceanographic Abstracts},
  volume={15},
  number={5},
  pages={577--598},
  year={1968},
  organization={Elsevier}
}
