@misc{wasserstein2019moving,
  title={Moving to a world beyond “$p<0.05$”},
  author={Wasserstein, Ronald L and Schirm, Allen L and Lazar, Nicole A},
  year={2019},
  publisher={Taylor \& Francis}
}


@misc{dirnagl2019p,
  title={The p value wars (again)},
  author={Dirnagl, Ulrich},
  year={2019},
  publisher={Springer}
}
