@article{emery2003water,
  title={Water Types and Water Masses. Ocean Circulation},
  author={Emery, WJ},
  journal={Science},
  pages={1556--1567},
  year={2003}
}

@article{ferrari2010suppression,
  title={Suppression of eddy diffusivity across jets in the Southern Ocean},
  author={Ferrari, Raffaele and Nikurashin, Maxim},
  journal={Journal of Physical Oceanography},
  volume={40},
  number={7},
  pages={1501--1519},
  year={2010}
}

@article{fletcher2006inverse,
  title={Inverse estimates of anthropogenic CO2 uptake, transport, and storage by the ocean},
  author={Mikaloff Fletcher, Sara E and Gruber, Nicolas and Jacobson, Andrew R and Doney, Scott C and Dutkiewicz, Stephanie and Gerber, Markus and Follows, Michael and Joos, Fortunat and Lindsay, Keith and Menemenlis, Dimitris and others},
  journal={Global Biogeochemical Cycles},
  volume={20},
  number={2},
  year={2006},
  publisher={Wiley Online Library}
}

@article{frolicher2015dominance,
  title={Dominance of the Southern Ocean in anthropogenic carbon and heat uptake in CMIP5 models},
  author={Fr{\"o}licher, Thomas L and Sarmiento, Jorge L and Paynter, David J and Dunne, John P and Krasting, John P and Winton, Michael},
  journal={Journal of Climate},
  volume={28},
  number={2},
  pages={862--886},
  year={2015}
}

@article{belkin1996southern,
  title={Southern Ocean fronts from the Greenwich meridian to Tasmania},
  author={Belkin, Igor M and Gordon, Arnold L},
  journal={Journal of Geophysical Research: Oceans},
  volume={101},
  number={C2},
  pages={3675--3696},
  year={1996},
  publisher={Wiley Online Library}
}

@incollection{hanawa2001Mode,
  title={Mode waters},
  author={Hanawa, Kimio and Talley, Lynne D},
  booktitle={International Geophysics},
  volume={77},
  pages={373--386},
  year={2001},
  publisher={Elsevier}
}

@article{herraiz2011subantarctic,
  title={Subantarctic mode water: distribution and circulation},
  author={Herraiz-Borreguero, Laura and Rintoul, Stephen Rich},
  journal={Ocean Dynamics},
  volume={61},
  number={1},
  pages={103--126},
  year={2011},
  publisher={Springer}
}

@article{iudicone2007exchange,
  title={An exchange window for the injection of Antarctic Intermediate Water into the South Pacific},
  author={Iudicone, Daniele and Rodgers, Keith B and Schopp, Richard and Madec, Gurvan},
  journal={Journal of physical oceanography},
  volume={37},
  number={1},
  pages={31--49},
  year={2007}
}

@article{jones2016ModeVentilate,
  title={How does Subantarctic mode water ventilate the Southern Hemisphere subtropics?},
  author={Jones, Daniel C and Meijers, Andrew JS and Shuckburgh, Emily and Sall{\'e}e, Jean-Baptiste and Haynes, Peter and McAufield, Ewa K and Mazloff, Matthew R},
  journal={Journal of Geophysical Research: Oceans},
  volume={121},
  number={9},
  pages={6558--6582},
  year={2016},
  publisher={Wiley Online Library}
}

@article{karsten2002constructing,
  title={Constructing the residual circulation of the ACC from observations},
  author={Karsten, Richard H and Marshall, John},
  journal={Journal of physical oceanography},
  volume={32},
  number={12},
  pages={3315--3327},
  year={2002}
}



@article{klocker2014global,
  title={Global patterns of mesoscale eddy properties and diffusivities},
  author={Klocker, Andreas and Abernathey, Ryan},
  journal={Journal of Physical Oceanography},
  volume={44},
  number={3},
  pages={1030--1046},
  year={2014}
}

@article{lumpkin2007global,
  title={Global ocean meridional overturning},
  author={Lumpkin, Rick and Speer, Kevin},
  journal={Journal of Physical Oceanography},
  volume={37},
  number={10},
  pages={2550--2562},
  year={2007}
}

@article{maze2017unsupervised_Learning,
  title={Coherent heat patterns revealed by unsupervised classification of Argo temperature profiles in the North Atlantic Ocean},
  author={Maze, Guillaume and Mercier, Herl{\'e} and Fablet, Ronan and Tandeo, Pierre and Radcenco, Manuel Lopez and Lenca, Philippe and Feucher, Charl{\`e}ne and Le Goff, Clement},
  journal={Progress in Oceanography},
  volume={151},
  pages={275--292},
  year={2017},
  publisher={Elsevier}
}

@article{mazloff2010eddy,
  title={An eddy-permitting Southern Ocean state estimate},
  author={Mazloff, Matthew R and Heimbach, Patrick and Wunsch, Carl},
  journal={Journal of Physical Oceanography},
  volume={40},
  number={5},
  pages={880--899},
  year={2010}
}

@article{naveira2009variability,
  title={Variability of Subantarctic Mode Water and Antarctic Intermediate Water in the Drake Passage during the late-twentieth and early-twenty-first centuries},
  author={Naveira Garabato, Alberto C and Jullion, Lo{\"\i}c and Stevens, David P and Heywood, Karen J and King, Brian A},
  journal={Journal of Climate},
  volume={22},
  number={13},
  pages={3661--3688},
  year={2009}
}

@article{naveira2011eddy,
  title={Eddy stirring in the Southern Ocean},
  author={Naveira Garabato, Alberto C and Ferrari, Raffaele and Polzin, Kurt L},
  journal={Journal of Geophysical Research: Oceans},
  volume={116},
  number={C9},
  year={2011},
  publisher={Wiley Online Library}
}

@article{ninove2016spatial,
  title={Spatial scales of temperature and salinity variability estimated from Argo observations},
  author={Ninove, F and Traon, P-Y Le and Remy, E and Guinehut, S},
  journal={Ocean Science},
  volume={12},
  number={1},
  pages={1--7},
  year={2016},
  publisher={Copernicus GmbH}
}

@article{nycander2015nonlinear,
  title={The nonlinear equation of state of sea water and the global water mass distribution},
  author={Nycander, Jonas and Hieronymus, Magnus and Roquet, Fabien},
  journal={Geophysical Research Letters},
  volume={42},
  number={18},
  pages={7714--7721},
  year={2015},
  publisher={Wiley Online Library}
}

@article{ohshima2013antarctic,
  title={Antarctic Bottom Water production by intense sea-ice formation in the Cape Darnley polynya},
  author={Ohshima, Kay I and Fukamachi, Yasushi and Williams, Guy D and Nihashi, Sohey and Roquet, Fabien and Kitade, Yujiro and Tamura, Takeshi and Hirano, Daisuke and Herraiz-Borreguero, Laura and Field, Iain and others},
  journal={Nature Geoscience},
  volume={6},
  number={3},
  pages={235},
  year={2013},
  publisher={Nature Publishing Group}
}

@article{orsi1995meridional,
  title={On the meridional extent and fronts of the Antarctic Circumpolar Current},
  author={Orsi, Alejandro H and Whitworth III, Thomas and Nowlin Jr, Worth D},
  journal={Deep Sea Research Part I: Oceanographic Research Papers},
  volume={42},
  number={5},
  pages={641--673},
  year={1995},
  publisher={Elsevier}
}



@article{pollard2002physical,
  title={Physical controls on biogeochemical zonation in the Southern Ocean},
  author={Pollard, RT and Lucas, MI and Read, JF},
  journal={Deep Sea Research Part II: Topical Studies in Oceanography},
  volume={49},
  number={16},
  pages={3289--3305},
  year={2002},
  publisher={Elsevier}
}

@article{purkey2010warming,
  title={Warming of global abyssal and deep Southern Ocean waters between the 1990s and 2000s: Contributions to global heat and sea level rise budgets},
  author={Purkey, Sarah G and Johnson, Gregory C},
  journal={Journal of Climate},
  volume={23},
  number={23},
  pages={6336--6351},
  year={2010}
}

@article{sallee2008eddy,
  title={Eddy heat diffusion and Subantarctic Mode Water formation},
  author={Sall{\'e}e, J-B and Morrow, R and Speer, K},
  journal={Geophysical Research Letters},
  volume={35},
  number={5},
  year={2008},
  publisher={Wiley Online Library}
}

@article{sallee2010southern,
  title={Southern Ocean thermocline ventilation},
  author={Sall{\'e}e, Jean-Baptiste and Speer, Kevin and Rintoul, Steve and Wijffels, Susan},
  journal={Journal of Physical Oceanography},
  volume={40},
  number={3},
  pages={509--529},
  year={2010}
}

@article{sallee2013assessment,
  title={Assessment of Southern Ocean water mass circulation and characteristics in CMIP5 models: Historical bias and forcing response},
  author={Sall{\'e}e, J-B and Shuckburgh, Emily and Bruneau, Nicolas and Meijers, Andrew JS and Bracegirdle, Thomas J and Wang, Zhaomin and Roy, Tilla},
  journal={Journal of Geophysical Research: Oceans},
  volume={118},
  number={4},
  pages={1830--1844},
  year={2013},
  publisher={Wiley Online Library}
}

@article{sokolov2009circumpolar,
  title={Circumpolar structure and distribution of the Antarctic Circumpolar Current fronts: 2. Variability and relationship to sea surface height},
  author={Sokolov, Serguei and Rintoul, Stephen R},
  journal={Journal of Geophysical Research: Oceans},
  volume={114},
  number={C11},
  year={2009},
  publisher={Wiley Online Library}
}

@article{sokolov2002structure,
  title={Structure of Southern Ocean fronts at 140 E},
  author={Sokolov, Serguei and Rintoul, Stephen R},
  journal={Journal of Marine Systems},
  volume={37},
  number={1-3},
  pages={151--184},
  year={2002},
  publisher={Elsevier}
}

@article{deacon1937hydrology,
  title={The hydrology of the Southern Ocean},
  author={Deacon, George Edward Raven},
  journal={Discovery Rep.},
  volume={15},
  pages={3--122},
  year={1937}
}