@ARTICLE{2020SciPy-NMeth,
       author = {{Virtanen}, Pauli and {Gommers}, Ralf and {Oliphant},
         Travis E. and {Haberland}, Matt and {Reddy}, Tyler and
         {Cournapeau}, David and {Burovski}, Evgeni and {Peterson}, Pearu
         and {Weckesser}, Warren and {Bright}, Jonathan and {van der Walt},
         St{\'e}fan J.  and {Brett}, Matthew and {Wilson}, Joshua and
         {Jarrod Millman}, K.  and {Mayorov}, Nikolay and {Nelson}, Andrew
         R.~J. and {Jones}, Eric and {Kern}, Robert and {Larson}, Eric and
         {Carey}, CJ and {Polat}, {\.I}lhan and {Feng}, Yu and {Moore},
         Eric W. and {Vand erPlas}, Jake and {Laxalde}, Denis and
         {Perktold}, Josef and {Cimrman}, Robert and {Henriksen}, Ian and
         {Quintero}, E.~A. and {Harris}, Charles R and {Archibald}, Anne M.
         and {Ribeiro}, Ant{\^o}nio H. and {Pedregosa}, Fabian and
         {van Mulbregt}, Paul and {Contributors}, SciPy 1. 0},
        title = "{SciPy 1.0: Fundamental Algorithms for Scientific
                  Computing in Python}",
      journal = {Nature Methods},
      year = "2020",
      volume={17},
      pages={261--272},
      adsurl = {https://rdcu.be/b08Wh},
      doi = {https://doi.org/10.1038/s41592-019-0686-2},
}

@inproceedings{lam2015numba,
  title={Numba: A llvm-based python jit compiler},
  author={Lam, Siu Kwan and Pitrou, Antoine and Seibert, Stanley},
  booktitle={Proceedings of the Second Workshop on the LLVM Compiler Infrastructure in HPC},
  pages={1--6},
  year={2015}
}

@article{cooley1965algorithm,
  title={An algorithm for the machine calculation of complex Fourier series},
  author={Cooley, James W and Tukey, John W},
  journal={Mathematics of computation},
  volume={19},
  number={90},
  pages={297--301},
  year={1965},
  publisher={JSTOR}
}

@article{hoyer2017xarray,
  title     = {xarray: {N-D} labeled arrays
   and datasets in {Python}},
  author    = {Hoyer, S. and J. Hamman},
  journal   = {Journal of Open Research Software},
  volume    = {5},
  number    = {1},
  year      = {2017},
  publisher = {Ubiquity Press},
  url       = {http://doi.org/10.5334/jors.148}
}
% doi       = {10.5334/jors.148},


@article{Abernathey2017,
   author = "Ryan Abernathey and Kevin Paul and Joe Hamman
             and Matthew Rocklin and Chiara Lepore
             and Michael Tippett and Naomi Henderson
             and Richard Seager and Ryan May
             and Davide Del Vento",
   title = "{Pangeo NSF Earthcube Proposal}",
   year = "2017",
   month = "8",
   url = "https://figshare.com/articles/Pangeo_NSF_Earthcube_Proposal/5361094",
   doi = "10.6084/m9.figshare.5361094.v1"
}


@article{skextremes,
   author={Kiko Correoso},
   title={Scikit-Extremes},
   url={https://kikocorreoso.github.io/scikit-extremes/},
   year={2020},
   addendum={My adaptation of the repository is here: \url{https://github.com/sdat2/scikit-extremes}}
}

@book{bader2017python,
  title={Python Tricks: A Buffet of Awesome Python Features},
  author={Bader, Dan},
  year={2017},
  publisher={BookBaby}
}

@article{thenaultpylint,
  title={Pylint},
  author={Thenault, S and others},
  journal={Code analysis for Python. Available at pylint. org}
}

@book{bass2015devops,
  title={DevOps: A software architect's perspective},
  author={Bass, Len and Weber, Ingo and Zhu, Liming},
  year={2015},
  publisher={Addison-Wesley Professional}
}


@misc{SciCompNotes,
   title={Part II Computational Physics Lecture Notes},
   author={David Buscher},
   publisher={Cavendish Laboratory, University of Cambridge},
   year={2019}
}


@misc{SciCompProjects,
    title={Part II Computational Physics Projects v2.4},
    author={David Buscher},
    publisher={Cavendish Laboratory, University of Cambridge},
    year={2019}
 }


@article{waldrop2016chips,
  title={The chips are down for Mooreâ€™s law},
  author={Waldrop, M Mitchell},
  journal={Nature News},
  volume={530},
  number={7589},
  pages={144},
  year={2016}
}

@Misc{numpy,
  author =    {Travis Oliphant},
  title =     {{NumPy}: A guide to {NumPy}},
  year =      {2006--2020},
  howpublished = {USA: Trelgol Publishing},
  url = "http://www.numpy.org/",
 }
