
@article{ZannaPreprint,
 title={Response of Storm related Extreme Sea Level along the US Atlantic Coast
        to Combined Weather and Climate Forcing},
 author={Yin, Jianjun and
         Griffies, Stephen M. and
         Winton, Michael and
         Zhao, Ming and
         Zanna, Laure},
 journal={The Journal of Climate},
 volume={},
 pages={},
 url={https://doi.org/10.1175/JCLI-D-19-0551.1},
 year={2020},
 addendum={Published 2nd April; but preprint made available by Laure Zanna
           in December.}
}


@article{hope2013hindcast,
  title={Hindcast and validation of Hurricane Ike (2008) waves, forerunner, and storm surge},
  author={Hope, Mark E and Westerink, Joannes J and Kennedy, Andrew B and Kerr, PC and Dietrich, J Casey and Dawson, C and Bender, Christopher J and Smith, JM and Jensen, Robert E and Zijlema, Marcel and others},
  journal={Journal of Geophysical Research: Oceans},
  volume={118},
  number={9},
  pages={4424--4460},
  year={2013},
  publisher={Wiley Online Library}
}


@article{pugh1987tides,
  title={Tides, surges and mean sea level},
  author={Pugh, David T},
  year={1987},
  publisher={John Wiley and Sons Inc., New York, NY}
}

@inproceedings{tadesse2020data,
  title={Data-driven Modeling of Global Storm Surges},
  author={Tadesse, Michael and Wahl, Thomas and Rashid, Md Mamunur},
  booktitle={Ocean Sciences Meeting 2020},
  year={2020},
  organization={AGU},
  addendum={This article was published as I was writing up this report,
            and seems to be trying to tackle the problem in a similar way.
            Similar articles include~\cite{muis2016global, arns2020non}}
}

@article{hogg1995western,
  title={Western boundary currents},
  author={Hogg, Nelson G and Johns, William E},
  journal={Reviews of Geophysics},
  volume={33},
  number={S2},
  pages={1311--1334},
  year={1995},
  publisher={Wiley Online Library}
}


@article{zou2017observation,
  title={Observation-based parameterization of air-sea fluxes in terms of
         wind speed and atmospheric stability under low-to-moderate wind conditions},
  author={Zou, Zhongshui and Zhao, Dongliang and Liu, Bin and Zhang, Jun A and Huang, Jian},
  journal={Journal of Geophysical Research: Oceans},
  volume={122},
  number={5},
  pages={4123--4142},
  year={2017},
  publisher={Wiley Online Library}
}


@article{muis2016global,
  title={A global reanalysis of storm surges and extreme sea levels},
  author={Muis, Sanne and Verlaan, Martin and Winsemius, Hessel C and Aerts, Jeroen CJH and Ward, Philip J},
  journal={Nature communications},
  volume={7},
  number={1},
  pages={1--12},
  year={2016},
  publisher={Nature Publishing Group}
}


@article{arns2020non,
  title={Non-linear interaction modulates global extreme sea levels, coastal flood exposure, and impacts},
  author={Arns, Arne and Wahl, Thomas and Wolff, Claudia and Vafeidis, Athanasios T and Haigh, Ivan D and Woodworth, Philip and Nieh{\"u}ser, Sebastian and Jensen, J{\"u}rgen},
  journal={Nature Communications},
  volume={11},
  number={1},
  pages={1--9},
  year={2020},
  publisher={Nature Publishing Group}
}



@article{berrisford2009era,
  title={The ERA-interim archive},
  author={Berrisford, Paul and Dee, DPKF and Fielding, Keith and Fuentes, Manuel and Kallberg, P and Kobayashi, Shinya and Uppala, Sakari},
  journal={ERA report series},
  number={1},
  pages={1--16},
  year={2009},
  publisher={European Centre for Medium-Range Weather Forecasts}
}


@article{kulp2019new,
  title={New elevation data triple estimates of
         global vulnerability to sea-level rise
         and coastal flooding},
  author={Kulp, Scott A and Strauss, Benjamin H},
  journal={Nature communications},
  volume={10},
  number={1},
  pages={1--12},
  year={2019},
  publisher={Nature Publishing Group},
  addendum={This paper relies on the ANN model in~\cite{kulp2018coastaldem}.
            I do not trust this enough to justify its sensationalist title.}
}

@article{kulp2018coastaldem,
  title={CoastalDEM: a global coastal digital elevation model
   improved from SRTM using a neural network},
  author={Kulp, Scott A and Strauss, Benjamin H},
  journal={Remote sensing of environment},
  volume={206},
  pages={231--239},
  year={2018},
  publisher={Elsevier},
  addendum={One wonders how well a neural network model,
        with training and test data only from the United States and
        Australia can generalise to other areas of the world as different as Bangladesh }
}

@article{jiang1998fractal,
  title={Fractal analysis of the complexity of United States coastlines},
  author={Jiang, Junwei and Plotnick, Roy E},
  journal={Mathematical Geology},
  volume={30},
  number={5},
  pages={535--546},
  year={1998},
  publisher={Springer}
}

@article{mandelbrot1967long,
  title={How long is the coast of Britain? Statistical self-similarity and fractional dimension},
  author={Mandelbrot, Benoit},
  journal={Science},
  volume={156},
  number={3775},
  pages={636--638},
  year={1967},
  publisher={American Association for the Advancement of Science},
  addendum={This paper relies on data presented in~\cite{richardson1961problem}. }
}

@article{richardson1961problem,
  title={The problem of contiguity: an appendix to statistics of deadly quarrels},
  author={Richardson, Lewis F},
  journal={General systems yearbook},
  volume={6},
  pages={139--187},
  year={1961}
}


@article{madec1996global,
  title={A global ocean mesh to overcome the North Pole singularity},
  author={Madec, Gurvan and Imbard, Maurice},
  journal={Climate Dynamics},
  volume={12},
  number={6},
  pages={381--388},
  year={1996},
  publisher={Springer}
}

@article{williams2018met,
  title={The Met Office global coupled model 3.0 and 3.1
  (GC3.0 and GC3.1) configurations},
  author={Williams, KD and Copsey, D and Blockley, EW and Bodas-Salcedo, A
  and Calvert, D and Comer, R and Davis, P and Graham, T and Hewitt, HT and Hill, R
  and others},
  journal={Journal of Advances in Modeling Earth Systems},
  volume={10},
  number={2},
  pages={357--380},
  year={2018},
  publisher={Wiley Online Library}
}

@misc{FurtherInfo,
  author = {WRCP},
  title = {Further Information on Control 1950},
  year = {2020},
  journal = {Earth System Documentation Website},
  howpublished = {\url{http://furtherinfo.es-doc.org/CMIP6.NERC.HadGEM3-GC31-HH.control-1950.none.r1i1p1f1}}
}

@article{eyring2016overview,
  title={Overview of the Coupled Model Intercomparison Project Phase 6 (CMIP6) experimental design and organization},
  author={Eyring, Veronika and Bony, Sandrine and Meehl, Gerald A and Senior, Catherine A and Stevens, Bjorn and Stouffer, Ronald J and Taylor, Karl E},
  journal={Geoscientific Model Development (Online)},
  volume={9},
  number={LLNL-JRNL-736881},
  year={2016},
  publisher={Lawrence Livermore National Lab.(LLNL), Livermore, CA (United States)}
}

@article{hurrell2008new,
  title={A new sea surface temperature and sea ice boundary dataset for the Community Atmosphere Model},
  author={Hurrell, James W and Hack, James J and Shea, Dennis and Caron, Julie M and Rosinski, James},
  journal={Journal of Climate},
  volume={21},
  number={19},
  pages={5145--5153},
  year={2008}
}

@misc{core2,
 author = "Stephen G. {Yeager} and William G. {Large}",
 title = "CORE.2 Global Air-Sea Flux Dataset",
 publisher  = "Research Data Archive at the National Center for Atmospheric Research, Computational and Information Systems Laboratory",
 address = {Boulder CO},
 year  = "2008",
 url = "https://doi.org/10.5065/D6WH2N0S"
}

@misc{core2expert,
author = "Yeager, Stephen and National Center for Atmospheric Research Staff",
title = "The Climate Data Guide: COREv2 Air-Sea Surface Fluxes.",
year = "2016",
url = "https://climatedataguide.ucar.edu/climate-data/corev2-air-sea-surface-fluxes" }


@article{good2013en4,
  title={EN4: Quality controlled ocean temperature and salinity profiles
         and monthly objective analyses with uncertainty estimates},
  author={Good, Simon A and Martin,
          Matthew J and Rayner, Nick A},
  journal={Journal of Geophysical Research: Oceans},
  volume={118},
  number={12},
  pages={6704--6716},
  year={2013},
  publisher={Wiley Online Library}
}


@misc{HadObs,
  author = {Crown, United Kingdom},
  title = {Met Office Hadley Centre observations datasets},
  year = {2020},
  journal = {Met Office Website},
  howpublished = {\url{https://www.metoffice.gov.uk/hadobs/en4/}}
}

@article{griffies2012datasets,
  title={Datasets and protocol for the CLIVAR WGOMD
         Coordinated Ocean-sea ice Reference Experiments (COREs)},
  author={Griffies, Stephen M and Winton, Michael and Samuels,
   Bonnie and Danabasoglu, Gokhan and Yeager, Stephen and Marsland,
    Simon and Drange, Helge and Bentsen, Mats},
  journal={WCRP Report},
  volume={21},
  pages={1--21},
  year={2012}
}


@article{large2009global,
  title={The global climatology of an interannually
   varying air--sea flux data set},
  author={Large, WoG and Yeager, SG},
  journal={Climate dynamics},
  volume={33},
  number={2-3},
  pages={341--364},
  year={2009},
  publisher={Springer}
}


@article{samset2019daily,
  title={How daily temperature and precipitation distributions
   evolve with global surface temperature},
  author={Samset, BH and Stjern, CW and Lund,
   MT and Mohr, CW and Sand, M and Daloz, AS},
  journal={Earth's Future},
  year={2019},
  publisher={Wiley Online Library}
}

@article{bolton2019applications,
  title={Applications of deep learning to ocean data
   inference and subgrid parameterization},
  author={Bolton, Thomas and Zanna, Laure},
  journal={Journal of Advances in Modeling Earth Systems},
  volume={11},
  number={1},
  pages={376--399},
  year={2019},
  publisher={Wiley Online Library}
}


@article{wilson2013tide,
  title={Tide-surge adjoint modelling:
   A new technique to understand forecast uncertainty},
  author={Wilson, Chris and Horsburgh, Kevin J and Williams,
   Jane and Flowerdew, Jonathan and Zanna, Laure},
  journal={Journal of Geophysical Research: Oceans},
  volume={118},
  number={10},
  pages={5092--5108},
  year={2013},
  publisher={Wiley Online Library}
}

@article{powell2003reduced,
  title={Reduced drag coefficient for high wind speeds in tropical cyclones},
  author={Powell, Mark D and Vickery, Peter J and Reinhold, Timothy A},
  journal={Nature},
  volume={422},
  number={6929},
  pages={279},
  year={2003},
  publisher={Nature Publishing Group}
}

@article{donelan2004limiting,
  title={On the limiting aerodynamic roughness of the ocean in very strong winds},
  author={Donelan, M A and Haus, Brian K and Reul, Nicolas and Plant, W J
  and Stiassnie, M and Graber, Hans C and Brown, O B and Saltzman, E S},
  journal={Geophysical Research Letters},
  volume={31},
  number={18},
  year={2004},
  publisher={Wiley Online Library}
}

@article{brenner2019perspective,
  title={Perspective on machine learning for advancing fluid mechanics},
  author={Brenner, M P and Eldredge, J D and Freund, J B},
  journal={Physical Review Fluids},
  volume={4},
  number={10},
  pages={100501},
  year={2019},
  publisher={APS}
}

@article{liu2018risk,
  title={Risk assessment of storm surge disaster
         based on numerical models and remote sensing},
  author={Liu, Qingrong and Ruan, Chengqing and Zhong, Shan and Li, Jian
          and Yin, Zhonghui and Lian, Xihu},
  journal={International journal of applied earth observation and geoinformation},
  volume={68},
  pages={20--30},
  year={2018},
  publisher={Elsevier}
}

@article{von2014storm,
  title={Storm surges: Phenomena, forecasting and scenarios of change},
  author={von Storch, Hans},
  journal={Procedia IUTAM},
  volume={10},
  pages={356--362},
  year={2014},
  publisher={Elsevier}
}

@article{LeMaitre2019gaussian,
 title={Using a Gaussian Process Model to Investigate the Rate of Flood Propagation in the upper Thames},
 author={Le Maitre, Matthew},
 journal={by Personal Communication, a Part III Computer Science Project},
 volume={},
 pages={},
 year={2019}
}

@article{feng2019characteristics,
  title={Characteristics of tide--surge interaction and its
   roles in the distribution of surge residuals along the coast of China},
  author={Feng, Jianlong and Jiang, Wensheng and Li, Delei and Liu, Qiulin
          and Wang, Hui and Liu, Kexiu},
  journal={Journal of Oceanography},
  volume={75},
  number={3},
  pages={225--234},
  year={2019},
  publisher={Springer}
}

@article{ham2019deep,
  title={Deep learning for multi-year ENSO forecasts},
  author={Ham, Yoo-Geun and Kim, Jeong-Hwan and Luo, Jing-Jia},
  journal={Nature},
  volume={573},
  number={7775},
  pages={568--572},
  year={2019},
  publisher={Nature Publishing Group}
}



@misc{schlkopf2019causality,
    title={Causality for Machine Learning},
    author={Bernhard Schölkopf},
    year={2019},
    eprint={1911.10500},
    archivePrefix={arXiv},
    primaryClass={cs.LG}
}

@book{SROCC,
title={Special Report on the Ocean and Cryosphere in a Changing Climate (SROCC)} ,
author={IPCC},
year = {September 25, 2019},
}

@misc{bruinsma2019scalable,
    title={Scalable Exact Inference in Multi-Output Gaussian Processes},
    author={Wessel P. Bruinsma and Eric Perim and Will Tebbutt
            and J. Scott Hosking and Arno Solin and Richard E. Turner},
    year={2019},
    eprint={1911.06287},
    archivePrefix={arXiv},
    primaryClass={stat.ML}
}

@article{marshall1998efficient,
  title={Efficient ocean modeling using non-hydrostatic algorithms},
  author={Marshall, John and Jones, Helen and Hill, Christopher},
  journal={Journal of Marine systems},
  volume={18},
  number={1-3},
  pages={115--134},
  year={1998},
  publisher={Elsevier}
}

@article{marshall2019exploring,
  title={Exploring how eruption source parameters affect volcanic radiative
         forcing using statistical emulation},
  author={Marshall, Lauren and Johnson, Jill S and Mann, Graham W and Lee, Lindsay
          and Dhomse, Sandip S and Regayre, Leighton and Yoshioka, Masaru
          and Carslaw, Ken S and Schmidt, Anja},
  journal={Journal of Geophysical Research: Atmospheres},
  volume={124},
  number={2},
  pages={964--985},
  year={2019},
  publisher={Wiley Online Library}
}

@article{marotzke1999construction,
  title={Construction of the adjoint MIT ocean general circulation model
         and application to Atlantic heat transport sensitivity},
  author={Marotzke, Jochem and Giering, Ralf and Zhang, Kate Q
          and Stammer, Detlef and Hill, Chris and Lee, Tong},
  journal={Journal of Geophysical Research: Oceans},
  volume={104},
  number={C12},
  pages={29529--29547},
  year={1999},
  publisher={Wiley Online Library}
}


@article{madec2015nemo,
  title={NEMO ocean engine},
  author={Madec, Gurvan and others},
  year={2015},
  publisher={Institut Pierre-Simon Laplace}
}

@inproceedings{treguier2017orca12,
  title={ORCA12, a global ocean-ice model at 1/12°: successes, shortcomings
         and their impact on ocean forecasting},
  author={Treguier, Anne Marie and Barnier, Bernard
          and Albert, Aur{\'e}lie and Deshayes, Julie and leSommer, Julien
          and Lique, Camille and Molines, Jean-Marc and Penduff, Thierry
          and Talandier, Claude},
  booktitle={EGU General Assembly Conference Abstracts},
  volume={19},
  pages={17950},
  year={2017}
}


@article{lecointre2011definition,
  title={Definition of the interannual experiment ORCA12},
  author={Lecointre, A and Molines, JM and Barnier, B},
  journal={L46-MAL95, 1989--2007},
  year={2011}
}

@misc{noaa20062,
  title={2-minute Gridded Global Relief Data (ETOPO2) v2},
  author={NOAA, NGDC},
  year={2006},
  publisher={Silver Spring, MD: National Oceanic and Atmospheric Administration. https~…}
}

@article{rieck2015seasonal,
  title={Seasonal variability of eddy kinetic energy
         in a global high-resolution ocean model},
  author={Rieck, Jan K and B{\"o}ning, Claus W
          and Greatbatch, Richard J and Scheinert, Markus},
  journal={Geophysical Research Letters},
  volume={42},
  number={21},
  pages={9379--9386},
  year={2015},
  publisher={Wiley Online Library}
}
