@article{taleb2019much,
  title={How much data do you need? An operational,
         pre-asymptotic metric for fat-tailedness},
  author={Taleb, Nassim Nicholas},
  journal={International Journal of Forecasting},
  addendum={Content available in a more readable
            form within~\cite{taleb2019statistical}.}
  volume={35},
  number={2},
  pages={677--686},
  year={2019},
  publisher={Elsevier}
}


@misc{taleb2019statistical,
  title={The Statistical Consequences of Fat Tails},
  author={Taleb, Nassim Nicholas},
  year={2019},
  publisher={STEM Publishing},
  addendum={This is an informative and entertaining textbook, available freely online.
            It might help to counter those critics who suggest that he
            just finds a lot of problems.}
}


@book{taleb2007black,
  title={The black swan: The impact of the highly improbable},
  author={Taleb, Nassim Nicholas},
  volume={2},
  year={2007},
  publisher={Random house},
  addendum={The mathematical version of this book is~\cite{taleb2019statistical}.}
}
