@article{chandler2013exploiting,
  title={Exploiting strength, discounting weakness: combining information from multiple climate simulators},
  author={Chandler, Richard E},
  journal={Philosophical Transactions of the Royal Society A: Mathematical, Physical and Engineering Sciences},
  volume={371},
  number={1991},
  pages={20120388},
  year={2013},
  publisher={The Royal Society Publishing}
}

@article{giorgi2002calculation,
  title={Calculation of average, uncertainty range, and reliability of regional climate changes from AOGCM simulations via the “reliability ensemble averaging”(REA) method},
  author={Giorgi, Filippo and Mearns, Linda O},
  journal={Journal of Climate},
  volume={15},
  number={10},
  pages={1141--1158},
  year={2002}
}

@article{hartikainen2013sequential,
  title={Sequential inference for latent temporal Gaussian process models},
  author={Hartikainen, Jouni and others},
  year={2013},
  publisher={Aalto University}
}

@article{kennedy2001bayesian,
  title={Bayesian calibration of computer models},
  author={Kennedy, Marc C and O'Hagan, Anthony},
  journal={Journal of the Royal Statistical Society: Series B (Statistical Methodology)},
  volume={63},
  number={3},
  pages={425--464},
  year={2001},
  publisher={Wiley Online Library}
}

@article{krishnamurti1999improved,
  title={Improved weather and seasonal climate forecasts from multimodel superensemble},
  author={Krishnamurti, TN and Kishtawal, CM and LaRow, Timothy E and Bachiochi, David R and Zhang, Zhan and Williford, C Eric and Gadgil, Sulochana and Surendran, Sajani},
  journal={Science},
  volume={285},
  number={5433},
  pages={1548--1550},
  year={1999},
  publisher={American Association for the Advancement of Science}
}

@article{mckay1979comparison,
  title={Comparison of three methods for selecting values of input variables in the analysis of output from a computer code},
  author={McKay, Michael D and Beckman, Richard J and Conover, William J},
  journal={Technometrics},
  volume={21},
  number={2},
  pages={239--245},
  year={1979},
  publisher={Taylor \& Francis}
}

@inproceedings{mcquade2012global,
  title={Global climate model tracking using geospatial neighborhoods},
  author={McQuade, Scott and Monteleoni, Claire},
  booktitle={Twenty-Sixth AAAI Conference on Artificial Intelligence},
  year={2012}
}

@article{monteleoni2011tracking,
  title={Tracking climate models},
  author={Monteleoni, Claire and Schmidt, Gavin A and Saroha, Shailesh and Asplund, Eva},
  journal={Statistical Analysis and Data Mining: The ASA Data Science Journal},
  volume={4},
  number={4},
  pages={372--392},
  year={2011},
  publisher={Wiley Online Library}
}

@article{nychka2003comments,
  title={Comments on “Calculation of average, uncertainty range, and reliability of regional climate changes from AOGCM simulations via the ‘Reliability Ensemble Averaging’(REA) method”},
  author={Nychka, Doug and Tebaldi, Claudia},
  journal={Journal of Climate},
  volume={16},
  number={5},
  pages={883--884},
  year={2003}
}

@article{sacks1989design,
  title={Design and analysis of computer experiments},
  author={Sacks, Jerome and Welch, William J and Mitchell, Toby J and Wynn, Henry P},
  journal={Statistical science},
  pages={409--423},
  year={1989},
  publisher={JSTOR}
}


@book{sarkka2019applied,
  title={Applied stochastic differential equations},
  author={S{\"a}rkk{\"a}, Simo and Solin, Arno},
  volume={10},
  year={2019},
  publisher={Cambridge University Press}
}

@article{solin2016stochastic,
  title={Stochastic differential equation methods for spatio-temporal Gaussian process regression},
  author={Solin, Arno and others},
  year={2016},
  publisher={Aalto University}
}
@article{bernardo1998regression,
  title={Regression and classification using Gaussian process priors},
  author={Bernardo, J and Berger, J and Dawid, A and Smith, A and others},
  journal={Bayesian statistics},
  volume={6},
  pages={475},
  year={1998}
}

@article{stainforth2007confidence,
  title={Confidence, uncertainty and decision-support relevance in climate predictions},
  author={Stainforth, David A and Allen, Miles R and Tredger, Edward R and Smith, Leonard A},
  journal={Philosophical Transactions of the Royal Society A: Mathematical, Physical and Engineering Sciences},
  volume={365},
  number={1857},
  pages={2145--2161},
  year={2007},
  publisher={The Royal Society London}
}

@inproceedings{titsias2009variational,
  title={Variational learning of inducing variables in sparse Gaussian processes},
  author={Titsias, Michalis},
  booktitle={Artificial Intelligence and Statistics},
  pages={567--574},
  year={2009}
}

@book{mazo2002brownian,
  title={Brownian motion: fluctuations, dynamics, and applications},
  author={Mazo, Robert M},
  volume={112},
  pages={26--70},
  year={2002},
  publisher={Oxford University Press on Demand}
}